@manual{anleitung,
	author = {TU Dortmund},
	title = {},
	year ={2019},
	url = {}
}
